<?xml version="1.0" encoding="UTF-8"?><collection xmlns="http://www.loc.gov/MARC21/slim"><record><leader>00582nam--2200181-i-4500</leader><controlfield tag="001">000046644</controlfield><controlfield tag="002">20161230</controlfield><controlfield tag="005">20161230201046</controlfield><controlfield tag="008">060222s1000------------r-----000-0-eng-d</controlfield><datafield ind1=" " ind2=" " tag="040"><subfield code="a">IFIN-HH</subfield></datafield><datafield ind1=" " ind2=" " tag="080"><subfield code="a">539.2</subfield></datafield><datafield ind1="1" ind2=" " tag="100"><subfield code="a">Veverka, Joseph F</subfield></datafield><datafield ind1="1" ind2="0" tag="245"><subfield code="a">The morse theory and its application to solid state physics</subfield><subfield code="b">With an introduction by a.j.coleman</subfield><subfield code="c">Joseph f. veverka</subfield></datafield><datafield ind1=" " ind2=" " tag="260"><subfield code="a">Kingston, Ontario</subfield><subfield code="b">Queen`S University</subfield><subfield code="c">1966</subfield></datafield><datafield ind1=" " ind2=" " tag="300"><subfield code="a">VII+103P</subfield></datafield><datafield ind1=" " ind2=" " tag="490"><subfield code="a">Queen`S Papers In Pure And Applied Mathematics</subfield><subfield code="v">No.3</subfield></datafield><datafield ind1=" " ind2=" " tag="852"><subfield code="a">33956</subfield><subfield code="c">539.2</subfield></datafield><datafield ind1=" " ind2=" " tag="CAT"><subfield code="a">Sys</subfield><subfield code="c">20121018</subfield><subfield code="h">135855</subfield></datafield></record></collection>